%YAML 1.1
%TAG !u! tag:unity3d.com,2011:
--- !u!244 &-4370685948791723685
AudioMixerEffectController:
  m_ObjectHideFlags: 3
  m_CorrespondingSourceObject: {fileID: 0}
  m_PrefabInstance: {fileID: 0}
  m_PrefabAsset: {fileID: 0}
  m_Name: 
  m_EffectID: c89fb94a140b1cb499597c194e1521ac
  m_EffectName: Attenuation
  m_MixLevel: d386b14c0e24b9547be47a602898342e
  m_Parameters: []
  m_SendTarget: {fileID: 0}
  m_EnableWetMix: 0
  m_Bypass: 0
--- !u!243 &-509699122518033045
AudioMixerGroupController:
  m_ObjectHideFlags: 0
  m_CorrespondingSourceObject: {fileID: 0}
  m_PrefabInstance: {fileID: 0}
  m_PrefabAsset: {fileID: 0}
  m_Name: Music
  m_AudioMixer: {fileID: 24100000}
  m_GroupID: 65255464f09ac0547bcc109b5d76e5da
  m_Children: []
  m_Volume: f9c143c669ade8c479d065d418e3e826
  m_Pitch: 950231ededef6c34fada65d8fa20c289
  m_Send: 00000000000000000000000000000000
  m_Effects:
  - {fileID: 8709550053654725711}
  m_UserColorIndex: 6
  m_Mute: 0
  m_Solo: 0
  m_BypassEffects: 0
--- !u!241 &24100000
AudioMixerController:
  m_ObjectHideFlags: 0
  m_CorrespondingSourceObject: {fileID: 0}
  m_PrefabInstance: {fileID: 0}
  m_PrefabAsset: {fileID: 0}
  m_Name: MainMixer
  m_OutputGroup: {fileID: 0}
  m_MasterGroup: {fileID: 24300002}
  m_Snapshots:
  - {fileID: 24500006}
  m_StartSnapshot: {fileID: 24500006}
  m_SuspendThreshold: -80
  m_EnableSuspend: 1
  m_UpdateMode: 0
  m_ExposedParameters:
  - guid: f9c143c669ade8c479d065d418e3e826
    name: MusicVolume
  m_AudioMixerGroupViews:
  - guids:
    - 3efee18023484124e9223936784afbbe
    - 65255464f09ac0547bcc109b5d76e5da
    - 999d29e8205ecbb4fa182fe30e193647
    name: View
  m_CurrentViewIndex: 0
  m_TargetSnapshot: {fileID: 24500006}
--- !u!243 &24300002
AudioMixerGroupController:
  m_ObjectHideFlags: 0
  m_CorrespondingSourceObject: {fileID: 0}
  m_PrefabInstance: {fileID: 0}
  m_PrefabAsset: {fileID: 0}
  m_Name: Master
  m_AudioMixer: {fileID: 24100000}
  m_GroupID: 3efee18023484124e9223936784afbbe
  m_Children:
  - {fileID: 9108682017695270410}
  - {fileID: -509699122518033045}
  m_Volume: bbbe1e768f8e6864ca701397bc4d068f
  m_Pitch: 81c09f71e66a5f841921e35980c05219
  m_Send: 00000000000000000000000000000000
  m_Effects:
  - {fileID: 24400004}
  m_UserColorIndex: 0
  m_Mute: 0
  m_Solo: 0
  m_BypassEffects: 0
--- !u!244 &24400004
AudioMixerEffectController:
  m_ObjectHideFlags: 3
  m_CorrespondingSourceObject: {fileID: 0}
  m_PrefabInstance: {fileID: 0}
  m_PrefabAsset: {fileID: 0}
  m_Name: 
  m_EffectID: 4bab3d12efa30174ab5a7dc5bfdf4b1e
  m_EffectName: Attenuation
  m_MixLevel: b0194501c2ef57940ae65abaa44e4802
  m_Parameters: []
  m_SendTarget: {fileID: 0}
  m_EnableWetMix: 0
  m_Bypass: 0
--- !u!245 &24500006
AudioMixerSnapshotController:
  m_ObjectHideFlags: 0
  m_CorrespondingSourceObject: {fileID: 0}
  m_PrefabInstance: {fileID: 0}
  m_PrefabAsset: {fileID: 0}
  m_Name: Snapshot
  m_AudioMixer: {fileID: 24100000}
  m_SnapshotID: 8861c84d18786204f8bdc3ca55f812c8
  m_FloatValues: {}
  m_TransitionOverrides: {}
--- !u!244 &8709550053654725711
AudioMixerEffectController:
  m_ObjectHideFlags: 3
  m_CorrespondingSourceObject: {fileID: 0}
  m_PrefabInstance: {fileID: 0}
  m_PrefabAsset: {fileID: 0}
  m_Name: 
  m_EffectID: 55a010b7afbe73b49aa18681bfb93075
  m_EffectName: Attenuation
  m_MixLevel: 15659d24eb6ad4f44908b2bd66f31c31
  m_Parameters: []
  m_SendTarget: {fileID: 0}
  m_EnableWetMix: 0
  m_Bypass: 0
--- !u!243 &9108682017695270410
AudioMixerGroupController:
  m_ObjectHideFlags: 0
  m_CorrespondingSourceObject: {fileID: 0}
  m_PrefabInstance: {fileID: 0}
  m_PrefabAsset: {fileID: 0}
  m_Name: SFX
  m_AudioMixer: {fileID: 24100000}
  m_GroupID: 999d29e8205ecbb4fa182fe30e193647
  m_Children: []
  m_Volume: e509a7706e1352340aab12777ee4b0bc
  m_Pitch: 2583371166d67a840a831d8dd09a502e
  m_Send: 00000000000000000000000000000000
  m_Effects:
  - {fileID: -4370685948791723685}
  m_UserColorIndex: 0
  m_Mute: 0
  m_Solo: 0
  m_BypassEffects: 0
