%YAML 1.1
%TAG !u! tag:unity3d.com,2011:
--- !u!1 &8251931413909665483
GameObject:
  m_ObjectHideFlags: 0
  m_CorrespondingSourceObject: {fileID: 0}
  m_PrefabInstance: {fileID: 0}
  m_PrefabAsset: {fileID: 0}
  serializedVersion: 6
  m_Component:
  - component: {fileID: 5773111937194696350}
  - component: {fileID: 6194963437628860297}
  m_Layer: 0
  m_Name: GameManager
  m_TagString: Untagged
  m_Icon: {fileID: 0}
  m_NavMeshLayer: 0
  m_StaticEditorFlags: 0
  m_IsActive: 1
--- !u!4 &5773111937194696350
Transform:
  m_ObjectHideFlags: 0
  m_CorrespondingSourceObject: {fileID: 0}
  m_PrefabInstance: {fileID: 0}
  m_PrefabAsset: {fileID: 0}
  m_GameObject: {fileID: 8251931413909665483}
  m_LocalRotation: {x: 0, y: 0, z: 0, w: 1}
  m_LocalPosition: {x: 0, y: 0, z: 0}
  m_LocalScale: {x: 1, y: 1, z: 1}
  m_ConstrainProportionsScale: 0
  m_Children:
  - {fileID: 7170053578006921092}
  - {fileID: 3448609583249469337}
  - {fileID: 1314224260979337352}
  - {fileID: 3140436214841618653}
  - {fileID: 7314554428231523332}
  m_Father: {fileID: 0}
  m_RootOrder: 0
  m_LocalEulerAnglesHint: {x: 0, y: 0, z: 0}
--- !u!114 &6194963437628860297
MonoBehaviour:
  m_ObjectHideFlags: 0
  m_CorrespondingSourceObject: {fileID: 0}
  m_PrefabInstance: {fileID: 0}
  m_PrefabAsset: {fileID: 0}
  m_GameObject: {fileID: 8251931413909665483}
  m_Enabled: 1
  m_EditorHideFlags: 0
  m_Script: {fileID: 11500000, guid: fe85fdbcc1fea404a9b48905ebf69095, type: 3}
  m_Name: 
  m_EditorClassIdentifier: 
  currentInput: 0
  landingShown: 0
  currentFlowScene: 
  player: {fileID: 0}
--- !u!1001 &1241956853745168836
PrefabInstance:
  m_ObjectHideFlags: 0
  serializedVersion: 2
  m_Modification:
    m_TransformParent: {fileID: 5773111937194696350}
    m_Modifications:
    - target: {fileID: 2144531706476487591, guid: e712a764ca63f814191ba6dddde218ed, type: 3}
      propertyPath: musicAudioElements.Array.data[2].name
      value: M_Heartbeat
      objectReference: {fileID: 0}
    - target: {fileID: 3705476009720691752, guid: e712a764ca63f814191ba6dddde218ed, type: 3}
      propertyPath: m_Name
      value: PF_AudioManager
      objectReference: {fileID: 0}
    - target: {fileID: 4226983619719037209, guid: e712a764ca63f814191ba6dddde218ed, type: 3}
      propertyPath: m_RootOrder
      value: 3
      objectReference: {fileID: 0}
    - target: {fileID: 4226983619719037209, guid: e712a764ca63f814191ba6dddde218ed, type: 3}
      propertyPath: m_LocalPosition.x
      value: 992.8671
      objectReference: {fileID: 0}
    - target: {fileID: 4226983619719037209, guid: e712a764ca63f814191ba6dddde218ed, type: 3}
      propertyPath: m_LocalPosition.y
      value: 583.44135
      objectReference: {fileID: 0}
    - target: {fileID: 4226983619719037209, guid: e712a764ca63f814191ba6dddde218ed, type: 3}
      propertyPath: m_LocalPosition.z
      value: 139.41727
      objectReference: {fileID: 0}
    - target: {fileID: 4226983619719037209, guid: e712a764ca63f814191ba6dddde218ed, type: 3}
      propertyPath: m_LocalRotation.w
      value: 1
      objectReference: {fileID: 0}
    - target: {fileID: 4226983619719037209, guid: e712a764ca63f814191ba6dddde218ed, type: 3}
      propertyPath: m_LocalRotation.x
      value: -0
      objectReference: {fileID: 0}
    - target: {fileID: 4226983619719037209, guid: e712a764ca63f814191ba6dddde218ed, type: 3}
      propertyPath: m_LocalRotation.y
      value: -0
      objectReference: {fileID: 0}
    - target: {fileID: 4226983619719037209, guid: e712a764ca63f814191ba6dddde218ed, type: 3}
      propertyPath: m_LocalRotation.z
      value: -0
      objectReference: {fileID: 0}
    - target: {fileID: 4226983619719037209, guid: e712a764ca63f814191ba6dddde218ed, type: 3}
      propertyPath: m_LocalEulerAnglesHint.x
      value: 0
      objectReference: {fileID: 0}
    - target: {fileID: 4226983619719037209, guid: e712a764ca63f814191ba6dddde218ed, type: 3}
      propertyPath: m_LocalEulerAnglesHint.y
      value: 0
      objectReference: {fileID: 0}
    - target: {fileID: 4226983619719037209, guid: e712a764ca63f814191ba6dddde218ed, type: 3}
      propertyPath: m_LocalEulerAnglesHint.z
      value: 0
      objectReference: {fileID: 0}
    m_RemovedComponents: []
  m_SourcePrefab: {fileID: 100100000, guid: e712a764ca63f814191ba6dddde218ed, type: 3}
--- !u!4 &3140436214841618653 stripped
Transform:
  m_CorrespondingSourceObject: {fileID: 4226983619719037209, guid: e712a764ca63f814191ba6dddde218ed, type: 3}
  m_PrefabInstance: {fileID: 1241956853745168836}
  m_PrefabAsset: {fileID: 0}
--- !u!1001 &6209429659431683966
PrefabInstance:
  m_ObjectHideFlags: 0
  serializedVersion: 2
  m_Modification:
    m_TransformParent: {fileID: 5773111937194696350}
    m_Modifications:
    - target: {fileID: 820930597286521096, guid: 1787ba886930c3d49a3db9692ee742f8, type: 3}
      propertyPath: m_Name
      value: PF_SaveManager
      objectReference: {fileID: 0}
    - target: {fileID: 8788703499545536743, guid: 1787ba886930c3d49a3db9692ee742f8, type: 3}
      propertyPath: m_RootOrder
      value: 1
      objectReference: {fileID: 0}
    - target: {fileID: 8788703499545536743, guid: 1787ba886930c3d49a3db9692ee742f8, type: 3}
      propertyPath: m_LocalPosition.x
      value: 0
      objectReference: {fileID: 0}
    - target: {fileID: 8788703499545536743, guid: 1787ba886930c3d49a3db9692ee742f8, type: 3}
      propertyPath: m_LocalPosition.y
      value: 0
      objectReference: {fileID: 0}
    - target: {fileID: 8788703499545536743, guid: 1787ba886930c3d49a3db9692ee742f8, type: 3}
      propertyPath: m_LocalPosition.z
      value: 0
      objectReference: {fileID: 0}
    - target: {fileID: 8788703499545536743, guid: 1787ba886930c3d49a3db9692ee742f8, type: 3}
      propertyPath: m_LocalRotation.w
      value: 1
      objectReference: {fileID: 0}
    - target: {fileID: 8788703499545536743, guid: 1787ba886930c3d49a3db9692ee742f8, type: 3}
      propertyPath: m_LocalRotation.x
      value: 0
      objectReference: {fileID: 0}
    - target: {fileID: 8788703499545536743, guid: 1787ba886930c3d49a3db9692ee742f8, type: 3}
      propertyPath: m_LocalRotation.y
      value: 0
      objectReference: {fileID: 0}
    - target: {fileID: 8788703499545536743, guid: 1787ba886930c3d49a3db9692ee742f8, type: 3}
      propertyPath: m_LocalRotation.z
      value: 0
      objectReference: {fileID: 0}
    - target: {fileID: 8788703499545536743, guid: 1787ba886930c3d49a3db9692ee742f8, type: 3}
      propertyPath: m_LocalEulerAnglesHint.x
      value: 0
      objectReference: {fileID: 0}
    - target: {fileID: 8788703499545536743, guid: 1787ba886930c3d49a3db9692ee742f8, type: 3}
      propertyPath: m_LocalEulerAnglesHint.y
      value: 0
      objectReference: {fileID: 0}
    - target: {fileID: 8788703499545536743, guid: 1787ba886930c3d49a3db9692ee742f8, type: 3}
      propertyPath: m_LocalEulerAnglesHint.z
      value: 0
      objectReference: {fileID: 0}
    m_RemovedComponents: []
  m_SourcePrefab: {fileID: 100100000, guid: 1787ba886930c3d49a3db9692ee742f8, type: 3}
--- !u!4 &3448609583249469337 stripped
Transform:
  m_CorrespondingSourceObject: {fileID: 8788703499545536743, guid: 1787ba886930c3d49a3db9692ee742f8, type: 3}
  m_PrefabInstance: {fileID: 6209429659431683966}
  m_PrefabAsset: {fileID: 0}
--- !u!1001 &7314554428220410320
PrefabInstance:
  m_ObjectHideFlags: 0
  serializedVersion: 2
  m_Modification:
    m_TransformParent: {fileID: 5773111937194696350}
    m_Modifications:
    - target: {fileID: 177638, guid: 0abab5bb77339e4428787a870eb31bd3, type: 3}
      propertyPath: m_Name
      value: '[Graphy]'
      objectReference: {fileID: 0}
    - target: {fileID: 22451668, guid: 0abab5bb77339e4428787a870eb31bd3, type: 3}
      propertyPath: m_Pivot.x
      value: 0
      objectReference: {fileID: 0}
    - target: {fileID: 22451668, guid: 0abab5bb77339e4428787a870eb31bd3, type: 3}
      propertyPath: m_Pivot.y
      value: 0
      objectReference: {fileID: 0}
    - target: {fileID: 22451668, guid: 0abab5bb77339e4428787a870eb31bd3, type: 3}
      propertyPath: m_RootOrder
      value: 4
      objectReference: {fileID: 0}
    - target: {fileID: 22451668, guid: 0abab5bb77339e4428787a870eb31bd3, type: 3}
      propertyPath: m_AnchorMax.x
      value: 0
      objectReference: {fileID: 0}
    - target: {fileID: 22451668, guid: 0abab5bb77339e4428787a870eb31bd3, type: 3}
      propertyPath: m_AnchorMax.y
      value: 0
      objectReference: {fileID: 0}
    - target: {fileID: 22451668, guid: 0abab5bb77339e4428787a870eb31bd3, type: 3}
      propertyPath: m_AnchorMin.x
      value: 0
      objectReference: {fileID: 0}
    - target: {fileID: 22451668, guid: 0abab5bb77339e4428787a870eb31bd3, type: 3}
      propertyPath: m_AnchorMin.y
      value: 0
      objectReference: {fileID: 0}
    - target: {fileID: 22451668, guid: 0abab5bb77339e4428787a870eb31bd3, type: 3}
      propertyPath: m_SizeDelta.x
      value: 0
      objectReference: {fileID: 0}
    - target: {fileID: 22451668, guid: 0abab5bb77339e4428787a870eb31bd3, type: 3}
      propertyPath: m_SizeDelta.y
      value: 0
      objectReference: {fileID: 0}
    - target: {fileID: 22451668, guid: 0abab5bb77339e4428787a870eb31bd3, type: 3}
      propertyPath: m_LocalPosition.x
      value: 0
      objectReference: {fileID: 0}
    - target: {fileID: 22451668, guid: 0abab5bb77339e4428787a870eb31bd3, type: 3}
      propertyPath: m_LocalPosition.y
      value: 0
      objectReference: {fileID: 0}
    - target: {fileID: 22451668, guid: 0abab5bb77339e4428787a870eb31bd3, type: 3}
      propertyPath: m_LocalPosition.z
      value: 0
      objectReference: {fileID: 0}
    - target: {fileID: 22451668, guid: 0abab5bb77339e4428787a870eb31bd3, type: 3}
      propertyPath: m_LocalRotation.w
      value: 1
      objectReference: {fileID: 0}
    - target: {fileID: 22451668, guid: 0abab5bb77339e4428787a870eb31bd3, type: 3}
      propertyPath: m_LocalRotation.x
      value: 0
      objectReference: {fileID: 0}
    - target: {fileID: 22451668, guid: 0abab5bb77339e4428787a870eb31bd3, type: 3}
      propertyPath: m_LocalRotation.y
      value: 0
      objectReference: {fileID: 0}
    - target: {fileID: 22451668, guid: 0abab5bb77339e4428787a870eb31bd3, type: 3}
      propertyPath: m_LocalRotation.z
      value: 0
      objectReference: {fileID: 0}
    - target: {fileID: 22451668, guid: 0abab5bb77339e4428787a870eb31bd3, type: 3}
      propertyPath: m_AnchoredPosition.x
      value: 0
      objectReference: {fileID: 0}
    - target: {fileID: 22451668, guid: 0abab5bb77339e4428787a870eb31bd3, type: 3}
      propertyPath: m_AnchoredPosition.y
      value: 0
      objectReference: {fileID: 0}
    - target: {fileID: 22451668, guid: 0abab5bb77339e4428787a870eb31bd3, type: 3}
      propertyPath: m_LocalEulerAnglesHint.x
      value: 0
      objectReference: {fileID: 0}
    - target: {fileID: 22451668, guid: 0abab5bb77339e4428787a870eb31bd3, type: 3}
      propertyPath: m_LocalEulerAnglesHint.y
      value: 0
      objectReference: {fileID: 0}
    - target: {fileID: 22451668, guid: 0abab5bb77339e4428787a870eb31bd3, type: 3}
      propertyPath: m_LocalEulerAnglesHint.z
      value: 0
      objectReference: {fileID: 0}
    m_RemovedComponents: []
  m_SourcePrefab: {fileID: 100100000, guid: 0abab5bb77339e4428787a870eb31bd3, type: 3}
--- !u!224 &7314554428231523332 stripped
RectTransform:
  m_CorrespondingSourceObject: {fileID: 22451668, guid: 0abab5bb77339e4428787a870eb31bd3, type: 3}
  m_PrefabInstance: {fileID: 7314554428220410320}
  m_PrefabAsset: {fileID: 0}
--- !u!1001 &8790000977937905340
PrefabInstance:
  m_ObjectHideFlags: 0
  serializedVersion: 2
  m_Modification:
    m_TransformParent: {fileID: 5773111937194696350}
    m_Modifications:
    - target: {fileID: 3912278267979282363, guid: 90e67c0b28e842d42bd298d9c9cb777b, type: 3}
      propertyPath: m_Name
      value: PF_InputManager
      objectReference: {fileID: 0}
    - target: {fileID: 7764570048115285556, guid: 90e67c0b28e842d42bd298d9c9cb777b, type: 3}
      propertyPath: m_RootOrder
      value: 2
      objectReference: {fileID: 0}
    - target: {fileID: 7764570048115285556, guid: 90e67c0b28e842d42bd298d9c9cb777b, type: 3}
      propertyPath: m_LocalPosition.x
      value: 963.5
      objectReference: {fileID: 0}
    - target: {fileID: 7764570048115285556, guid: 90e67c0b28e842d42bd298d9c9cb777b, type: 3}
      propertyPath: m_LocalPosition.y
      value: 542
      objectReference: {fileID: 0}
    - target: {fileID: 7764570048115285556, guid: 90e67c0b28e842d42bd298d9c9cb777b, type: 3}
      propertyPath: m_LocalPosition.z
      value: 0
      objectReference: {fileID: 0}
    - target: {fileID: 7764570048115285556, guid: 90e67c0b28e842d42bd298d9c9cb777b, type: 3}
      propertyPath: m_LocalRotation.w
      value: 1
      objectReference: {fileID: 0}
    - target: {fileID: 7764570048115285556, guid: 90e67c0b28e842d42bd298d9c9cb777b, type: 3}
      propertyPath: m_LocalRotation.x
      value: -0
      objectReference: {fileID: 0}
    - target: {fileID: 7764570048115285556, guid: 90e67c0b28e842d42bd298d9c9cb777b, type: 3}
      propertyPath: m_LocalRotation.y
      value: -0
      objectReference: {fileID: 0}
    - target: {fileID: 7764570048115285556, guid: 90e67c0b28e842d42bd298d9c9cb777b, type: 3}
      propertyPath: m_LocalRotation.z
      value: -0
      objectReference: {fileID: 0}
    - target: {fileID: 7764570048115285556, guid: 90e67c0b28e842d42bd298d9c9cb777b, type: 3}
      propertyPath: m_LocalEulerAnglesHint.x
      value: 0
      objectReference: {fileID: 0}
    - target: {fileID: 7764570048115285556, guid: 90e67c0b28e842d42bd298d9c9cb777b, type: 3}
      propertyPath: m_LocalEulerAnglesHint.y
      value: 0
      objectReference: {fileID: 0}
    - target: {fileID: 7764570048115285556, guid: 90e67c0b28e842d42bd298d9c9cb777b, type: 3}
      propertyPath: m_LocalEulerAnglesHint.z
      value: 0
      objectReference: {fileID: 0}
    m_RemovedComponents: []
  m_SourcePrefab: {fileID: 100100000, guid: 90e67c0b28e842d42bd298d9c9cb777b, type: 3}
--- !u!4 &1314224260979337352 stripped
Transform:
  m_CorrespondingSourceObject: {fileID: 7764570048115285556, guid: 90e67c0b28e842d42bd298d9c9cb777b, type: 3}
  m_PrefabInstance: {fileID: 8790000977937905340}
  m_PrefabAsset: {fileID: 0}
--- !u!1001 &9011108213515999011
PrefabInstance:
  m_ObjectHideFlags: 0
  serializedVersion: 2
  m_Modification:
    m_TransformParent: {fileID: 5773111937194696350}
    m_Modifications:
    - target: {fileID: 2201352643860179111, guid: 031b816203d657f42855aac0fc0f6652, type: 3}
      propertyPath: m_RootOrder
      value: 0
      objectReference: {fileID: 0}
    - target: {fileID: 2201352643860179111, guid: 031b816203d657f42855aac0fc0f6652, type: 3}
      propertyPath: m_LocalPosition.x
      value: 0
      objectReference: {fileID: 0}
    - target: {fileID: 2201352643860179111, guid: 031b816203d657f42855aac0fc0f6652, type: 3}
      propertyPath: m_LocalPosition.y
      value: 0
      objectReference: {fileID: 0}
    - target: {fileID: 2201352643860179111, guid: 031b816203d657f42855aac0fc0f6652, type: 3}
      propertyPath: m_LocalPosition.z
      value: 0
      objectReference: {fileID: 0}
    - target: {fileID: 2201352643860179111, guid: 031b816203d657f42855aac0fc0f6652, type: 3}
      propertyPath: m_LocalRotation.w
      value: 1
      objectReference: {fileID: 0}
    - target: {fileID: 2201352643860179111, guid: 031b816203d657f42855aac0fc0f6652, type: 3}
      propertyPath: m_LocalRotation.x
      value: 0
      objectReference: {fileID: 0}
    - target: {fileID: 2201352643860179111, guid: 031b816203d657f42855aac0fc0f6652, type: 3}
      propertyPath: m_LocalRotation.y
      value: 0
      objectReference: {fileID: 0}
    - target: {fileID: 2201352643860179111, guid: 031b816203d657f42855aac0fc0f6652, type: 3}
      propertyPath: m_LocalRotation.z
      value: 0
      objectReference: {fileID: 0}
    - target: {fileID: 2201352643860179111, guid: 031b816203d657f42855aac0fc0f6652, type: 3}
      propertyPath: m_LocalEulerAnglesHint.x
      value: 0
      objectReference: {fileID: 0}
    - target: {fileID: 2201352643860179111, guid: 031b816203d657f42855aac0fc0f6652, type: 3}
      propertyPath: m_LocalEulerAnglesHint.y
      value: 0
      objectReference: {fileID: 0}
    - target: {fileID: 2201352643860179111, guid: 031b816203d657f42855aac0fc0f6652, type: 3}
      propertyPath: m_LocalEulerAnglesHint.z
      value: 0
      objectReference: {fileID: 0}
    - target: {fileID: 4973788686037626454, guid: 031b816203d657f42855aac0fc0f6652, type: 3}
      propertyPath: m_Name
      value: PF_SceneManager
      objectReference: {fileID: 0}
    m_RemovedComponents: []
  m_SourcePrefab: {fileID: 100100000, guid: 031b816203d657f42855aac0fc0f6652, type: 3}
--- !u!4 &7170053578006921092 stripped
Transform:
  m_CorrespondingSourceObject: {fileID: 2201352643860179111, guid: 031b816203d657f42855aac0fc0f6652, type: 3}
  m_PrefabInstance: {fileID: 9011108213515999011}
  m_PrefabAsset: {fileID: 0}
