%YAML 1.1
%TAG !u! tag:unity3d.com,2011:
--- !u!114 &-8614665782459404410
MonoBehaviour:
  m_ObjectHideFlags: 1
  m_CorrespondingSourceObject: {fileID: 0}
  m_PrefabInstance: {fileID: 0}
  m_PrefabAsset: {fileID: 0}
  m_GameObject: {fileID: 0}
  m_Enabled: 1
  m_EditorHideFlags: 0
  m_Script: {fileID: 11500000, guid: 3b73a6f13cf18194e889cafd0287a9ec, type: 3}
  m_Name: State 6
  m_EditorClassIdentifier: 
  description: FSM State
  selectedDecisionIndex: 0
  canRemove: 1
  canTranstTo: 1
  canSetAsDefault: 1
  canEditName: 1
  canEditColor: 1
  isOpen: 0
  isSelected: 0
  nodeRect:
    serializedVersion: 2
    x: 715
    y: 645
    width: 150
    height: 30
  positionRect: {x: 715, y: 645}
  rectWidth: 150
  editingName: 0
  nodeColor: {r: 1, g: 1, b: 1, a: 1}
  resizeLeft: 0
  resizeRight: 0
  inDrag: 0
  resetCurrentDestination: 0
  transitions:
  - decisions: []
    trueState: {fileID: -6175460168564707388}
    falseState: {fileID: 0}
    muteTrue: 0
    muteFalse: 0
    transitionType: 0
    transitionDelay: 2
    parentState: {fileID: -8614665782459404410}
    trueRect:
      serializedVersion: 2
      x: 790
      y: 660
      width: 0
      height: 0
    falseRect:
      serializedVersion: 2
      x: 790
      y: 660
      width: 0
      height: 0
    selectedTrue: 0
    selectedFalse: 0
    trueSideRight: 0
    falseSideRight: 0
    decisionEditor: {fileID: 0}
    isOpen: 0
    scroolView: {x: 0, y: 0, z: 0}
    sameTargetCount: 0
  actions:
  - {fileID: -8376283675942420057}
  useActions: 1
  useDecisions: 1
  parentGraph: {fileID: 11400000}
  defaultTransition: {fileID: 0}
--- !u!114 &-8376283675942420057
MonoBehaviour:
  m_ObjectHideFlags: 1
  m_CorrespondingSourceObject: {fileID: 0}
  m_PrefabInstance: {fileID: 0}
  m_PrefabAsset: {fileID: 0}
  m_GameObject: {fileID: 0}
  m_Enabled: 1
  m_EditorHideFlags: 0
  m_Script: {fileID: 11500000, guid: 54658aeb06dbda54a98d299c8e5e315d, type: 3}
  m_Name: Stop Character
  m_EditorClassIdentifier: 
  parentFSM: {fileID: 11400000}
  executionType: 2
  editingName: 0
--- !u!114 &-7965122437926975567
MonoBehaviour:
  m_ObjectHideFlags: 1
  m_CorrespondingSourceObject: {fileID: 0}
  m_PrefabInstance: {fileID: 0}
  m_PrefabAsset: {fileID: 0}
  m_GameObject: {fileID: 0}
  m_Enabled: 1
  m_EditorHideFlags: 0
  m_Script: {fileID: 11500000, guid: 6221533d79292aa4790084d7ce47b4f1, type: 3}
  m_Name: Is Attacking?
  m_EditorClassIdentifier: 
  parentFSM: {fileID: 11400000}
  editingName: 0
  trueRect:
    serializedVersion: 2
    x: 0
    y: 0
    width: 10
    height: 10
  falseRect:
    serializedVersion: 2
    x: 0
    y: 0
    width: 10
    height: 10
  selectedTrue: 0
  selectedFalse: 0
--- !u!114 &-7802563180830780090
MonoBehaviour:
  m_ObjectHideFlags: 1
  m_CorrespondingSourceObject: {fileID: 0}
  m_PrefabInstance: {fileID: 0}
  m_PrefabAsset: {fileID: 0}
  m_GameObject: {fileID: 0}
  m_Enabled: 1
  m_EditorHideFlags: 0
  m_Script: {fileID: 11500000, guid: 3b73a6f13cf18194e889cafd0287a9ec, type: 3}
  m_Name: Dodge
  m_EditorClassIdentifier: 
  description: FSM State
  selectedDecisionIndex: 0
  canRemove: 1
  canTranstTo: 1
  canSetAsDefault: 1
  canEditName: 1
  canEditColor: 1
  isOpen: 0
  isSelected: 0
  nodeRect:
    serializedVersion: 2
    x: 1010
    y: 475
    width: 150
    height: 30
  positionRect: {x: 1010, y: 475}
  rectWidth: 150
  editingName: 1
  nodeColor: {r: 1, g: 1, b: 1, a: 1}
  resizeLeft: 0
  resizeRight: 0
  inDrag: 0
  resetCurrentDestination: 1
  transitions: []
  actions: []
  useActions: 1
  useDecisions: 1
  parentGraph: {fileID: 11400000}
  defaultTransition: {fileID: 0}
--- !u!114 &-7781347884094407855
MonoBehaviour:
  m_ObjectHideFlags: 1
  m_CorrespondingSourceObject: {fileID: 0}
  m_PrefabInstance: {fileID: 0}
  m_PrefabAsset: {fileID: 0}
  m_GameObject: {fileID: 0}
  m_Enabled: 1
  m_EditorHideFlags: 0
  m_Script: {fileID: 11500000, guid: 2d7d8d384a15c1842b7fd04a68ab0892, type: 3}
  m_Name: Rotate To Target
  m_EditorClassIdentifier: 
  parentFSM: {fileID: 11400000}
  executionType: -1
  editingName: 0
  onlyIfIsInLineOfSight: 0
--- !u!114 &-7402146121747509450
MonoBehaviour:
  m_ObjectHideFlags: 1
  m_CorrespondingSourceObject: {fileID: 0}
  m_PrefabInstance: {fileID: 0}
  m_PrefabAsset: {fileID: 0}
  m_GameObject: {fileID: 0}
  m_Enabled: 1
  m_EditorHideFlags: 0
  m_Script: {fileID: 11500000, guid: 969baa9198eada545b2e4fd20097f8e3, type: 3}
  m_Name: Has a CurrentTarget?
  m_EditorClassIdentifier: 
  parentFSM: {fileID: 11400000}
  editingName: 0
  trueRect:
    serializedVersion: 2
    x: 0
    y: 0
    width: 10
    height: 10
  falseRect:
    serializedVersion: 2
    x: 0
    y: 0
    width: 10
    height: 10
  selectedTrue: 0
  selectedFalse: 0
--- !u!114 &-6306593253963266835
MonoBehaviour:
  m_ObjectHideFlags: 1
  m_CorrespondingSourceObject: {fileID: 0}
  m_PrefabInstance: {fileID: 0}
  m_PrefabAsset: {fileID: 0}
  m_GameObject: {fileID: 0}
  m_Enabled: 1
  m_EditorHideFlags: 0
  m_Script: {fileID: 11500000, guid: 4ca162665382f2246a0178586140ab0c, type: 3}
  m_Name: Can See Target
  m_EditorClassIdentifier: 
  parentFSM: {fileID: 11400000}
  editingName: 0
  trueRect:
    serializedVersion: 2
    x: 0
    y: 0
    width: 10
    height: 10
  falseRect:
    serializedVersion: 2
    x: 0
    y: 0
    width: 10
    height: 10
  selectedTrue: 0
  selectedFalse: 0
--- !u!114 &-6280158707492320091
MonoBehaviour:
  m_ObjectHideFlags: 1
  m_CorrespondingSourceObject: {fileID: 0}
  m_PrefabInstance: {fileID: 0}
  m_PrefabAsset: {fileID: 0}
  m_GameObject: {fileID: 0}
  m_Enabled: 1
  m_EditorHideFlags: 0
  m_Script: {fileID: 11500000, guid: 3b73a6f13cf18194e889cafd0287a9ec, type: 3}
  m_Name: FindTargetDelay
  m_EditorClassIdentifier: 
  description: FSM State
  selectedDecisionIndex: 0
  canRemove: 1
  canTranstTo: 1
  canSetAsDefault: 1
  canEditName: 1
  canEditColor: 1
  isOpen: 1
  isSelected: 0
  nodeRect:
    serializedVersion: 2
    x: 655
    y: 295
    width: 150
    height: 62
  positionRect: {x: 655, y: 295}
  rectWidth: 150
  editingName: 1
  nodeColor: {r: 1, g: 1, b: 1, a: 1}
  resizeLeft: 0
  resizeRight: 0
  inDrag: 0
  resetCurrentDestination: 1
  transitions:
  - decisions: []
    trueState: {fileID: -2419425169122907581}
    falseState: {fileID: 0}
    muteTrue: 0
    muteFalse: 0
    transitionType: 0
    transitionDelay: 0
    parentState: {fileID: -6280158707492320091}
    trueRect:
      serializedVersion: 2
      x: 805
      y: 325
      width: 10
      height: 10
    falseRect:
      serializedVersion: 2
      x: 805
      y: 335
      width: 10
      height: 10
    selectedTrue: 0
    selectedFalse: 0
    trueSideRight: 1
    falseSideRight: 1
    decisionEditor: {fileID: 0}
    isOpen: 0
    scroolView: {x: 0, y: 0, z: 0}
    sameTargetCount: 0
  actions:
  - {fileID: 3082643011309753758}
  useActions: 1
  useDecisions: 1
  parentGraph: {fileID: 11400000}
  defaultTransition: {fileID: 0}
--- !u!114 &-6175460168564707388
MonoBehaviour:
  m_ObjectHideFlags: 1
  m_CorrespondingSourceObject: {fileID: 0}
  m_PrefabInstance: {fileID: 0}
  m_PrefabAsset: {fileID: 0}
  m_GameObject: {fileID: 0}
  m_Enabled: 1
  m_EditorHideFlags: 0
  m_Script: {fileID: 11500000, guid: 3b73a6f13cf18194e889cafd0287a9ec, type: 3}
  m_Name: NormalAttack
  m_EditorClassIdentifier: 
  description: FSM State
  selectedDecisionIndex: 0
  canRemove: 1
  canTranstTo: 1
  canSetAsDefault: 1
  canEditName: 1
  canEditColor: 1
  isOpen: 0
  isSelected: 1
  nodeRect:
    serializedVersion: 2
    x: 700
    y: 545
    width: 150
    height: 30
  positionRect: {x: 700, y: 545}
  rectWidth: 150
  editingName: 1
  nodeColor: {r: 1, g: 1, b: 1, a: 1}
  resizeLeft: 0
  resizeRight: 0
  inDrag: 0
  resetCurrentDestination: 0
  transitions:
  - decisions:
    - trueValue: 0
      decision: {fileID: -7402146121747509450}
      isValid: 0
      validated: 0
    trueState: {fileID: -2419425169122907581}
    falseState: {fileID: 0}
    muteTrue: 0
    muteFalse: 0
    transitionType: 0
    transitionDelay: 0
    parentState: {fileID: -6175460168564707388}
    trueRect:
      serializedVersion: 2
      x: 775
      y: 560
      width: 0
      height: 0
    falseRect:
      serializedVersion: 2
      x: 775
      y: 560
      width: 0
      height: 0
    selectedTrue: 0
    selectedFalse: 0
    trueSideRight: 0
    falseSideRight: 0
    decisionEditor: {fileID: 0}
    isOpen: 0
    scroolView: {x: 0, y: 0, z: 0}
    sameTargetCount: 0
  - decisions:
    - trueValue: 1
      decision: {fileID: 6836759403380682253}
      isValid: 0
      validated: 0
    trueState: {fileID: -2419425169122907581}
    falseState: {fileID: 0}
    muteTrue: 0
    muteFalse: 0
    transitionType: 0
    transitionDelay: 0
    parentState: {fileID: -6175460168564707388}
    trueRect:
      serializedVersion: 2
      x: 775
      y: 560
      width: 0
      height: 0
    falseRect:
      serializedVersion: 2
      x: 775
      y: 560
      width: 0
      height: 0
    selectedTrue: 0
    selectedFalse: 0
    trueSideRight: 0
    falseSideRight: 0
    decisionEditor: {fileID: 0}
    isOpen: 0
    scroolView: {x: 0, y: 0, z: 0}
    sameTargetCount: 0
  - decisions:
    - trueValue: 1
      decision: {fileID: -7965122437926975567}
      isValid: 1
      validated: 0
    trueState: {fileID: -8614665782459404410}
    falseState: {fileID: 0}
    muteTrue: 0
    muteFalse: 0
    transitionType: 0
    transitionDelay: 0
    parentState: {fileID: -6175460168564707388}
    trueRect:
      serializedVersion: 2
      x: 775
      y: 560
      width: 0
      height: 0
    falseRect:
      serializedVersion: 2
      x: 775
      y: 560
      width: 0
      height: 0
    selectedTrue: 0
    selectedFalse: 0
    trueSideRight: 0
    falseSideRight: 0
    decisionEditor: {fileID: 0}
    isOpen: 0
    scroolView: {x: 0, y: 0, z: 0}
    sameTargetCount: 0
  actions:
  - {fileID: -926365203097155468}
  useActions: 1
  useDecisions: 1
  parentGraph: {fileID: 11400000}
  defaultTransition: {fileID: 0}
--- !u!114 &-4882519886709914905
MonoBehaviour:
  m_ObjectHideFlags: 1
  m_CorrespondingSourceObject: {fileID: 0}
  m_PrefabInstance: {fileID: 0}
  m_PrefabAsset: {fileID: 0}
  m_GameObject: {fileID: 0}
  m_Enabled: 1
  m_EditorHideFlags: 0
  m_Script: {fileID: 11500000, guid: 3b73a6f13cf18194e889cafd0287a9ec, type: 3}
  m_Name: Entry
  m_EditorClassIdentifier: 
  description: "This State Run Just in Start\n to init first state"
  selectedDecisionIndex: 0
  canRemove: 0
  canTranstTo: 0
  canSetAsDefault: 0
  canEditName: 0
  canEditColor: 0
  isOpen: 0
  isSelected: 0
  nodeRect:
    serializedVersion: 2
    x: 450
    y: 400
    width: 150
    height: 30
  positionRect: {x: 450, y: 400}
  rectWidth: 150
  editingName: 0
  nodeColor: {r: 0, g: 1, b: 0, a: 1}
  resizeLeft: 0
  resizeRight: 0
  inDrag: 0
  resetCurrentDestination: 0
  transitions: []
  actions: []
  useActions: 0
  useDecisions: 0
  parentGraph: {fileID: 11400000}
  defaultTransition: {fileID: -2419425169122907581}
--- !u!114 &-4446685691070024146
MonoBehaviour:
  m_ObjectHideFlags: 1
  m_CorrespondingSourceObject: {fileID: 0}
  m_PrefabInstance: {fileID: 0}
  m_PrefabAsset: {fileID: 0}
  m_GameObject: {fileID: 0}
  m_Enabled: 1
  m_EditorHideFlags: 0
  m_Script: {fileID: 11500000, guid: 9f3311f3024f58244ad6d2070224059d, type: 3}
  m_Name: NormalAttack
  m_EditorClassIdentifier: 
  parentFSM: {fileID: 11400000}
  executionType: -1
  editingName: 0
  overrideAttackDistance: 1
  attackDistance: 1.5
  overrideAttackID: 1
  attackID: 4
  overrideStrongAttack: 0
  strongAttack: 0
  forceFirstAttack: 0
  attackSpeed: 2
--- !u!114 &-2637135292499822988
MonoBehaviour:
  m_ObjectHideFlags: 1
  m_CorrespondingSourceObject: {fileID: 0}
  m_PrefabInstance: {fileID: 0}
  m_PrefabAsset: {fileID: 0}
  m_GameObject: {fileID: 0}
  m_Enabled: 1
  m_EditorHideFlags: 0
  m_Script: {fileID: 11500000, guid: 40acadb25137c9a429d915ef2d77fa8f, type: 3}
  m_Name: Melee Combat
  m_EditorClassIdentifier: 
  parentFSM: {fileID: 0}
  executionType: 7
  editingName: 0
  engageInStrafe: 0
  engageSpeed: 2
  combatSpeed: 1
--- !u!114 &-2419425169122907581
MonoBehaviour:
  m_ObjectHideFlags: 1
  m_CorrespondingSourceObject: {fileID: 0}
  m_PrefabInstance: {fileID: 0}
  m_PrefabAsset: {fileID: 0}
  m_GameObject: {fileID: 0}
  m_Enabled: 1
  m_EditorHideFlags: 0
  m_Script: {fileID: 11500000, guid: 3b73a6f13cf18194e889cafd0287a9ec, type: 3}
  m_Name: Patrol
  m_EditorClassIdentifier: 
  description: FSM State
  selectedDecisionIndex: 0
  canRemove: 1
  canTranstTo: 1
  canSetAsDefault: 1
  canEditName: 1
  canEditColor: 1
  isOpen: 0
  isSelected: 0
  nodeRect:
    serializedVersion: 2
    x: 665
    y: 400
    width: 150
    height: 30
  positionRect: {x: 665, y: 400}
  rectWidth: 150
  editingName: 1
  nodeColor: {r: 1, g: 1, b: 1, a: 1}
  resizeLeft: 0
  resizeRight: 0
  inDrag: 0
  resetCurrentDestination: 1
  transitions:
  - decisions:
    - trueValue: 0
      decision: {fileID: 6836759403380682253}
      isValid: 1
      validated: 0
    - trueValue: 1
      decision: {fileID: -7402146121747509450}
      isValid: 1
      validated: 0
    trueState: {fileID: -6175460168564707388}
    falseState: {fileID: 0}
    muteTrue: 0
    muteFalse: 0
    transitionType: 0
    transitionDelay: 0
    parentState: {fileID: -2419425169122907581}
    trueRect:
      serializedVersion: 2
      x: 740
      y: 415
      width: 0
      height: 0
    falseRect:
      serializedVersion: 2
      x: 740
      y: 415
      width: 0
      height: 0
    selectedTrue: 0
    selectedFalse: 0
    trueSideRight: 0
    falseSideRight: 0
    decisionEditor: {fileID: 0}
    isOpen: 0
    scroolView: {x: 0, y: 0, z: 0}
    sameTargetCount: 0
  - decisions:
    - trueValue: 0
      decision: {fileID: -7402146121747509450}
      isValid: 1
      validated: 0
    trueState: {fileID: -6280158707492320091}
    falseState: {fileID: 0}
    muteTrue: 0
    muteFalse: 0
    transitionType: 0
    transitionDelay: 0.3
    parentState: {fileID: -2419425169122907581}
    trueRect:
      serializedVersion: 2
      x: 740
      y: 415
      width: 0
      height: 0
    falseRect:
      serializedVersion: 2
      x: 740
      y: 415
      width: 0
      height: 0
    selectedTrue: 0
    selectedFalse: 0
    trueSideRight: 0
    falseSideRight: 0
    decisionEditor: {fileID: 0}
    isOpen: 0
    scroolView: {x: 0, y: 0, z: 0}
    sameTargetCount: 0
  actions:
  - {fileID: 4275845104307352323}
  useActions: 1
  useDecisions: 1
  parentGraph: {fileID: 11400000}
  defaultTransition: {fileID: 0}
--- !u!114 &-1809767924987631896
MonoBehaviour:
  m_ObjectHideFlags: 1
  m_CorrespondingSourceObject: {fileID: 0}
  m_PrefabInstance: {fileID: 0}
  m_PrefabAsset: {fileID: 0}
  m_GameObject: {fileID: 0}
  m_Enabled: 1
  m_EditorHideFlags: 0
  m_Script: {fileID: 11500000, guid: 7008ce40e91d72f49b5db07d7f9883fb, type: 3}
  m_Name: Target Is Attacking?
  m_EditorClassIdentifier: 
  parentFSM: {fileID: 11400000}
  editingName: 0
  trueRect:
    serializedVersion: 2
    x: 0
    y: 0
    width: 10
    height: 10
  falseRect:
    serializedVersion: 2
    x: 0
    y: 0
    width: 10
    height: 10
  selectedTrue: 0
  selectedFalse: 0
--- !u!114 &-926365203097155468
MonoBehaviour:
  m_ObjectHideFlags: 1
  m_CorrespondingSourceObject: {fileID: 0}
  m_PrefabInstance: {fileID: 0}
  m_PrefabAsset: {fileID: 0}
  m_GameObject: {fileID: 0}
  m_Enabled: 1
  m_EditorHideFlags: 0
  m_Script: {fileID: 11500000, guid: 4425b7f8ee92370419d98229d37b5aa4, type: 3}
  m_Name: BR Custom Attack
  m_EditorClassIdentifier: 
  parentFSM: {fileID: 11400000}
  executionType: 7
  editingName: 0
  overrideAttackDistance: 1
  attackDistance: 1.5
  overrideAttackID: 1
  attackID: 4
  overrideStrongAttack: 0
  strongAttack: 0
  forceFirstAttack: 0
  attackSpeed: 2
  distanceToWaitAttack: 1
--- !u!114 &11400000
MonoBehaviour:
  m_ObjectHideFlags: 0
  m_CorrespondingSourceObject: {fileID: 0}
  m_PrefabInstance: {fileID: 0}
  m_PrefabAsset: {fileID: 0}
  m_GameObject: {fileID: 0}
  m_Enabled: 1
  m_EditorHideFlags: 0
  m_Script: {fileID: 11500000, guid: a5fc604039227434d8b4e63ebc5e74a5, type: 3}
  m_Name: FSM_BasicEnemyCustomNoDash
  m_EditorClassIdentifier: 
  selectedNode: {fileID: -6175460168564707388}
  wantConnection: 0
  connectionNode: {fileID: 0}
  showProperties: 1
  states:
  - {fileID: -4882519886709914905}
  - {fileID: 8728624585169631829}
  - {fileID: -2419425169122907581}
  - {fileID: -6280158707492320091}
  - {fileID: 5454302388462310166}
  - {fileID: -6175460168564707388}
  - {fileID: -7802563180830780090}
  - {fileID: -8614665782459404410}
  panOffset: {x: 100, y: 515}
  overNode: 0
  actions:
  - {fileID: 0}
  - {fileID: 0}
  - {fileID: 0}
  - {fileID: 0}
  - {fileID: 0}
  - {fileID: 0}
  - {fileID: 0}
  - {fileID: 0}
  - {fileID: 0}
  - {fileID: 0}
  - {fileID: 0}
  decisions:
  - {fileID: 0}
  - {fileID: 0}
  - {fileID: 0}
  - {fileID: 0}
  - {fileID: 0}
  - {fileID: 0}
  - {fileID: 0}
  icon: {fileID: 0}
--- !u!114 &267643715931075342
MonoBehaviour:
  m_ObjectHideFlags: 1
  m_CorrespondingSourceObject: {fileID: 0}
  m_PrefabInstance: {fileID: 0}
  m_PrefabAsset: {fileID: 0}
  m_GameObject: {fileID: 0}
  m_Enabled: 1
  m_EditorHideFlags: 0
  m_Script: {fileID: 11500000, guid: 57041025c9fb3ad459fbfb7da1224d25, type: 3}
  m_Name: Check Health
  m_EditorClassIdentifier: 
  parentFSM: {fileID: 0}
  editingName: 0
  trueRect:
    serializedVersion: 2
    x: 0
    y: 0
    width: 10
    height: 10
  falseRect:
    serializedVersion: 2
    x: 0
    y: 0
    width: 10
    height: 10
  selectedTrue: 0
  selectedFalse: 0
  checkValue: 3
  value: 0
--- !u!114 &2215434148243229197
MonoBehaviour:
  m_ObjectHideFlags: 1
  m_CorrespondingSourceObject: {fileID: 0}
  m_PrefabInstance: {fileID: 0}
  m_PrefabAsset: {fileID: 0}
  m_GameObject: {fileID: 0}
  m_Enabled: 1
  m_EditorHideFlags: 0
  m_Script: {fileID: 11500000, guid: 9f3311f3024f58244ad6d2070224059d, type: 3}
  m_Name: DashAttack
  m_EditorClassIdentifier: 
  parentFSM: {fileID: 11400000}
  executionType: 7
  editingName: 0
  overrideAttackDistance: 1
  attackDistance: 2
  overrideAttackID: 1
  attackID: 1
  overrideStrongAttack: 1
  strongAttack: 1
  forceFirstAttack: 0
  attackSpeed: 3
--- !u!114 &3082643011309753758
MonoBehaviour:
  m_ObjectHideFlags: 1
  m_CorrespondingSourceObject: {fileID: 0}
  m_PrefabInstance: {fileID: 0}
  m_PrefabAsset: {fileID: 0}
  m_GameObject: {fileID: 0}
  m_Enabled: 1
  m_EditorHideFlags: 0
  m_Script: {fileID: 11500000, guid: dd5ac94e5e12f6248b8bbf505de7edad, type: 3}
  m_Name: Find Target
  m_EditorClassIdentifier: 
  parentFSM: {fileID: 11400000}
  executionType: 1
  editingName: 0
  checkForObstacles: 1
--- !u!114 &3360054427303179528
MonoBehaviour:
  m_ObjectHideFlags: 1
  m_CorrespondingSourceObject: {fileID: 0}
  m_PrefabInstance: {fileID: 0}
  m_PrefabAsset: {fileID: 0}
  m_GameObject: {fileID: 0}
  m_Enabled: 1
  m_EditorHideFlags: 0
  m_Script: {fileID: 11500000, guid: 8f3685d59385d76458d86e2145f9d06b, type: 3}
  m_Name: targetDistance>2
  m_EditorClassIdentifier: 
  parentFSM: {fileID: 11400000}
  editingName: 0
  trueRect:
    serializedVersion: 2
    x: 0
    y: 0
    width: 10
    height: 10
  falseRect:
    serializedVersion: 2
    x: 0
    y: 0
    width: 10
    height: 10
  selectedTrue: 0
  selectedFalse: 0
  compareMethod: 0
  distance: 2
--- !u!114 &3898789106669416957
MonoBehaviour:
  m_ObjectHideFlags: 1
  m_CorrespondingSourceObject: {fileID: 0}
  m_PrefabInstance: {fileID: 0}
  m_PrefabAsset: {fileID: 0}
  m_GameObject: {fileID: 0}
  m_Enabled: 1
  m_EditorHideFlags: 0
  m_Script: {fileID: 11500000, guid: b53ee809e668dd44b8a4ab37abd35772, type: 3}
  m_Name: Chase Target Walking
  m_EditorClassIdentifier: 
  parentFSM: {fileID: 0}
  executionType: 1
  editingName: 0
  useStrafeMovement: 1
  speed: 1
--- !u!114 &4275845104307352323
MonoBehaviour:
  m_ObjectHideFlags: 1
  m_CorrespondingSourceObject: {fileID: 0}
  m_PrefabInstance: {fileID: 0}
  m_PrefabAsset: {fileID: 0}
  m_GameObject: {fileID: 0}
  m_Enabled: 1
  m_EditorHideFlags: 0
  m_Script: {fileID: 11500000, guid: 768afce2621982b4b8b53bfe6b95aff5, type: 3}
  m_Name: Wander
  m_EditorClassIdentifier: 
  parentFSM: {fileID: 11400000}
  executionType: 1
  editingName: 0
  wanderInStrafe: 0
  speed: 1
--- !u!114 &4882929412664960059
MonoBehaviour:
  m_ObjectHideFlags: 1
  m_CorrespondingSourceObject: {fileID: 0}
  m_PrefabInstance: {fileID: 0}
  m_PrefabAsset: {fileID: 0}
  m_GameObject: {fileID: 0}
  m_Enabled: 1
  m_EditorHideFlags: 0
  m_Script: {fileID: 11500000, guid: 3b73a6f13cf18194e889cafd0287a9ec, type: 3}
  m_Name: State 7
  m_EditorClassIdentifier: 
  description: FSM State
  selectedDecisionIndex: 0
  canRemove: 1
  canTranstTo: 1
  canSetAsDefault: 1
  canEditName: 1
  canEditColor: 1
  isOpen: 0
  isSelected: 0
  nodeRect:
    serializedVersion: 2
    x: 485
    y: 480
    width: 150
    height: 30
  positionRect: {x: 485, y: 480}
  rectWidth: 150
  editingName: 0
  nodeColor: {r: 1, g: 1, b: 1, a: 1}
  resizeLeft: 0
  resizeRight: 0
  inDrag: 0
  resetCurrentDestination: 1
  transitions: []
  actions: []
  useActions: 1
  useDecisions: 1
  parentGraph: {fileID: 11400000}
  defaultTransition: {fileID: 0}
--- !u!114 &5454302388462310166
MonoBehaviour:
  m_ObjectHideFlags: 1
  m_CorrespondingSourceObject: {fileID: 0}
  m_PrefabInstance: {fileID: 0}
  m_PrefabAsset: {fileID: 0}
  m_GameObject: {fileID: 0}
  m_Enabled: 1
  m_EditorHideFlags: 0
  m_Script: {fileID: 11500000, guid: 3b73a6f13cf18194e889cafd0287a9ec, type: 3}
  m_Name: SearchingForEnemy
  m_EditorClassIdentifier: 
  description: FSM State
  selectedDecisionIndex: 0
  canRemove: 1
  canTranstTo: 1
  canSetAsDefault: 1
  canEditName: 1
  canEditColor: 1
  isOpen: 0
  isSelected: 0
  nodeRect:
    serializedVersion: 2
    x: 865
    y: 405
    width: 150
    height: 30
  positionRect: {x: 865, y: 405}
  rectWidth: 150
  editingName: 1
  nodeColor: {r: 1, g: 1, b: 1, a: 1}
  resizeLeft: 0
  resizeRight: 0
  inDrag: 0
  resetCurrentDestination: 1
  transitions:
  - decisions: []
    trueState: {fileID: -2419425169122907581}
    falseState: {fileID: 0}
    muteTrue: 0
    muteFalse: 0
    transitionType: 0
    transitionDelay: 0
    parentState: {fileID: 5454302388462310166}
    trueRect:
      serializedVersion: 2
      x: 940
      y: 420
      width: 0
      height: 0
    falseRect:
      serializedVersion: 2
      x: 940
      y: 420
      width: 0
      height: 0
    selectedTrue: 0
    selectedFalse: 0
    trueSideRight: 0
    falseSideRight: 0
    decisionEditor: {fileID: 0}
    isOpen: 0
    scroolView: {x: 0, y: 0, z: 0}
    sameTargetCount: 0
  actions: []
  useActions: 1
  useDecisions: 1
  parentGraph: {fileID: 11400000}
  defaultTransition: {fileID: 0}
--- !u!114 &5580020255314946241
MonoBehaviour:
  m_ObjectHideFlags: 1
  m_CorrespondingSourceObject: {fileID: 0}
  m_PrefabInstance: {fileID: 0}
  m_PrefabAsset: {fileID: 0}
  m_GameObject: {fileID: 0}
  m_Enabled: 1
  m_EditorHideFlags: 0
  m_Script: {fileID: 11500000, guid: 2d7d8d384a15c1842b7fd04a68ab0892, type: 3}
  m_Name: Rotate To Target
  m_EditorClassIdentifier: 
  parentFSM: {fileID: 0}
  executionType: 2
  editingName: 0
  onlyIfIsInLineOfSight: 0
--- !u!114 &6836759403380682253
MonoBehaviour:
  m_ObjectHideFlags: 1
  m_CorrespondingSourceObject: {fileID: 0}
  m_PrefabInstance: {fileID: 0}
  m_PrefabAsset: {fileID: 0}
  m_GameObject: {fileID: 0}
  m_Enabled: 1
  m_EditorHideFlags: 0
  m_Script: {fileID: 11500000, guid: bb70193d892db49468a9f5ea453bdd18, type: 3}
  m_Name: Check if Target is Dead
  m_EditorClassIdentifier: 
  parentFSM: {fileID: 11400000}
  editingName: 0
  trueRect:
    serializedVersion: 2
    x: 0
    y: 0
    width: 10
    height: 10
  falseRect:
    serializedVersion: 2
    x: 0
    y: 0
    width: 10
    height: 10
  selectedTrue: 0
  selectedFalse: 0
--- !u!114 &8728624585169631829
MonoBehaviour:
  m_ObjectHideFlags: 1
  m_CorrespondingSourceObject: {fileID: 0}
  m_PrefabInstance: {fileID: 0}
  m_PrefabAsset: {fileID: 0}
  m_GameObject: {fileID: 0}
  m_Enabled: 1
  m_EditorHideFlags: 0
  m_Script: {fileID: 11500000, guid: 3b73a6f13cf18194e889cafd0287a9ec, type: 3}
  m_Name: AnyState
  m_EditorClassIdentifier: 
  description: This State Run after current state
  selectedDecisionIndex: 0
  canRemove: 0
  canTranstTo: 0
  canSetAsDefault: 0
  canEditName: 0
  canEditColor: 0
  isOpen: 0
  isSelected: 0
  nodeRect:
    serializedVersion: 2
    x: 460
    y: 495
    width: 150
    height: 30
  positionRect: {x: 460, y: 495}
  rectWidth: 150
  editingName: 0
  nodeColor: {r: 0, g: 1, b: 1, a: 1}
  resizeLeft: 0
  resizeRight: 0
  inDrag: 0
  resetCurrentDestination: 0
  transitions: []
  actions: []
  useActions: 0
  useDecisions: 1
  parentGraph: {fileID: 11400000}
  defaultTransition: {fileID: 0}
--- !u!114 &8745362975961075483
MonoBehaviour:
  m_ObjectHideFlags: 1
  m_CorrespondingSourceObject: {fileID: 0}
  m_PrefabInstance: {fileID: 0}
  m_PrefabAsset: {fileID: 0}
  m_GameObject: {fileID: 0}
  m_Enabled: 1
  m_EditorHideFlags: 0
  m_Script: {fileID: 11500000, guid: b53ee809e668dd44b8a4ab37abd35772, type: 3}
  m_Name: Chase Target Running
  m_EditorClassIdentifier: 
  parentFSM: {fileID: 11400000}
  executionType: 1
  editingName: 0
  useStrafeMovement: 0
  speed: 2
